<record><leader>00000cas a2200000 a 4500</leader><controlfield tag="001">9334340</controlfield><controlfield tag="008">830322d18331837ohuwr ne      0    0eng c</controlfield><datafield ind1=" " ind2=" " tag="010"><subfield code="a">sn 83035017 </subfield></datafield><datafield ind1=" " ind2=" " tag="040"><subfield code="a">NPY</subfield><subfield code="b">eng</subfield><subfield code="c">NPY</subfield><subfield code="d">NPX</subfield><subfield code="d">DLC</subfield><subfield code="d">ONP</subfield><subfield code="d">KNP</subfield><subfield code="d">ONP</subfield><subfield code="d">CNW</subfield><subfield code="d">NVK</subfield><subfield code="d">OCL</subfield><subfield code="d">CUI</subfield><subfield code="d">OCLCQ</subfield><subfield code="d">OCLCF</subfield></datafield><datafield ind1="1" ind2=" " tag="029"><subfield code="a">AU@</subfield><subfield code="b">000025836908</subfield></datafield><datafield ind1=" " ind2=" " tag="042"><subfield code="a">pcc</subfield></datafield><datafield ind1=" " ind2=" " tag="043"><subfield code="a">n-us-oh</subfield></datafield><datafield ind1="0" ind2="0" tag="050"><subfield code="a">Newspaper 9309</subfield></datafield><datafield ind1=" " ind2="4" tag="050"><subfield code="a">AN</subfield></datafield><datafield ind1="0" ind2=" " tag="130"><subfield code="a">Ohio observer (Hudson, Ohio : 1833)</subfield></datafield><datafield ind1="1" ind2="0" tag="245"><subfield code="a">Ohio observer.</subfield></datafield><datafield ind1=" " ind2=" " tag="260"><subfield code="a">Hudson [Ohio] :</subfield><subfield code="b">Warren Isham,</subfield><subfield code="c">1833-1837.</subfield></datafield><datafield ind1=" " ind2=" " tag="300"><subfield code="a">v. ;</subfield><subfield code="c">57 cm.</subfield></datafield><datafield ind1=" " ind2=" " tag="310"><subfield code="a">Weekly</subfield></datafield><datafield ind1="0" ind2=" " tag="362"><subfield code="a">Vol. 4, no. 31 (Sept. 28, 1833)-v. 9, no. 27 (Sept. 27, 1837) = whole no. 318-whole no. 522.</subfield></datafield><datafield ind1=" " ind2=" " tag="500"><subfield code="a">Presbyterian.</subfield></datafield><datafield ind1=" " ind2=" " tag="500"><subfield code="a">Publisher varies: Ansel R. Clark, &lt;Nov. 10, 1836&gt;</subfield></datafield><datafield ind1=" " ind2=" " tag="515"><subfield code="a">"New series" appears in designation Feb. 27, 1834-183.</subfield></datafield><datafield ind1=" " ind2="0" tag="650"><subfield code="a">Presbyterian Church</subfield><subfield code="z">Ohio</subfield><subfield code="v">Newspapers.</subfield></datafield><datafield ind1=" " ind2="0" tag="651"><subfield code="a">Hudson (Ohio)</subfield><subfield code="v">Newspapers.</subfield></datafield><datafield ind1=" " ind2="0" tag="651"><subfield code="a">Summit County (Ohio)</subfield><subfield code="v">Newspapers.</subfield></datafield><datafield ind1=" " ind2="7" tag="655"><subfield code="a">Newspapers.</subfield><subfield code="2">fast</subfield><subfield code="0">(OCoLC)fst01423814</subfield></datafield><datafield ind1=" " ind2="7" tag="650"><subfield code="a">Presbyterian Church.</subfield><subfield code="2">fast</subfield><subfield code="0">(OCoLC)fst01075515</subfield></datafield><datafield ind1=" " ind2="7" tag="651"><subfield code="a">Ohio.</subfield><subfield code="2">fast</subfield><subfield code="0">(OCoLC)fst01205075</subfield></datafield><datafield ind1=" " ind2="7" tag="651"><subfield code="a">Ohio</subfield><subfield code="z">Hudson.</subfield><subfield code="2">fast</subfield><subfield code="0">(OCoLC)fst01231298</subfield></datafield><datafield ind1=" " ind2="7" tag="651"><subfield code="a">Ohio</subfield><subfield code="z">Summit County.</subfield><subfield code="2">fast</subfield><subfield code="0">(OCoLC)fst01206643</subfield></datafield><datafield ind1=" " ind2=" " tag="752"><subfield code="a">United States</subfield><subfield code="b">Ohio</subfield><subfield code="c">Summit</subfield><subfield code="d">Hudson.</subfield></datafield><datafield ind1="0" ind2="8" tag="776"><subfield code="t">Ohio observer (Hudson, Ohio : 1833)</subfield><subfield code="w">(OCoLC)665864099</subfield></datafield><datafield ind1="0" ind2="0" tag="780"><subfield code="t">Observer and telegraph</subfield><subfield code="w">(DLC)sn 83035065</subfield><subfield code="w">(OCoLC)9402381</subfield></datafield><datafield ind1="0" ind2="7" tag="785"><subfield code="t">Cleveland journal (Cleveland, Ohio : 1837)</subfield><subfield code="w">(DLC)sn 83035018</subfield><subfield code="w">(OCoLC)9367922</subfield></datafield><datafield ind1="0" ind2="7" tag="785"><subfield code="t">Cleveland observer (Cleveland, Ohio : 1837)</subfield><subfield code="w">(DLC)sn 83035066</subfield><subfield code="w">(OCoLC)9408079</subfield></datafield></record>